<?xml version="1.0" encoding="utf-8"?>
<record xmlns="http://www.loc.gov/MARC21/slim" xmlns:xsi="http://www.w3.org/2001/XMLSchema-instance" xsi:schemaLocation="http://www.loc.gov/MARC21/slim http://www.loc.gov/standards/marcxml/schema/MARC21slim.xsd">
	<leader>     nam a22        4500</leader>
	<controlfield tag="001">2751710</controlfield>
	<controlfield tag="003">NjP</controlfield>
	<controlfield tag="006">m        d        </controlfield>
	<controlfield tag="007">cr cn |||m|||a</controlfield>
	<controlfield tag="008">170815m19599999ir h    ob    000 0 arax </controlfield>
	<datafield ind1=" " ind2=" " tag="040">
		<subfield code="a">NNU</subfield>
		<subfield code="b">eng</subfield>
		<subfield code="e">rda</subfield>
		<subfield code="c">NNU</subfield>
	</datafield>
	<datafield ind1="0" ind2="0" tag="050">
		<subfield code="a">BP130.4.T338</subfield>
		<subfield code="b">T3</subfield>
	</datafield>
	<datafield ind1="1" ind2=" " tag="100">
		<subfield code="6">880-01</subfield>
		<subfield code="a">Vaḥīd al-Zamān Qazvīnī, Muḥammad Ṭāhir,</subfield>
		<subfield code="d">-approximately 1708 or 1709.</subfield>
	</datafield>
	<datafield ind1="1" ind2="0" tag="245">
		<subfield code="6">880-02</subfield>
		<subfield code="a">Sharḥ shawāhid Majmaʻ al-bayān /</subfield>
		<subfield code="c">li-Muḥammad Ḥusayn ibn al-Mīrzā al-Ṭāhir al-Qazwīnī. Ṣaḥḥaḥahu wa-ʻallaqa ʻalayhi al-Sayyid Kāẓim al-Mūsāwī al-Mayāmawī.</subfield>
	</datafield>
	<datafield ind1=" " ind2=" " tag="260">
		<subfield code="6">880-03</subfield>
		<subfield code="a">Ṭihrān :</subfield>
		<subfield code="b">Dār al-Kutub al-Islāmī,</subfield>
		<subfield code="c">1338- [1959 or 1960-]</subfield>
	</datafield>
	<datafield ind1=" " ind2=" " tag="300">
		<subfield code="a">online resource (volumes) :</subfield>
		<subfield code="b">facsimiles</subfield>
	</datafield>
	<datafield ind1=" " ind2=" " tag="336">
		<subfield code="a">text</subfield>
		<subfield code="2">rdacontent</subfield>
	</datafield>
	<datafield ind1=" " ind2=" " tag="337">
		<subfield code="a">computer</subfield>
		<subfield code="2">rdamedia</subfield>
	</datafield>
	<datafield ind1=" " ind2=" " tag="338">
		<subfield code="a">online resource</subfield>
		<subfield code="2">rdacarrier</subfield>
	</datafield>
	<datafield ind1=" " ind2=" " tag="500">
		<subfield code="a">In Arabic.</subfield>
	</datafield>
	<datafield ind1=" " ind2=" " tag="500">
		<subfield code="a">A commentary on Majmaʻ al-bayān by al-Faḍl ibn al-Ḥasan al-Ṭabarsī.</subfield>
	</datafield>
	<datafield ind1=" " ind2=" " tag="500">
		<subfield code="a">Part of the Arabic Collections Online (ACO) project, contributed by Princeton University Libraries.</subfield>
	</datafield>
	<datafield ind1=" " ind2=" " tag="504">
		<subfield code="a">Includes bibliographical references.</subfield>
	</datafield>
	<datafield ind1=" " ind2=" " tag="533">
		<subfield code="a">Electronic reproduction.</subfield>
		<subfield code="b">New York, N.Y. :</subfield>
		<subfield code="c">New York University,</subfield>
		<subfield code="d">2017.</subfield>
		<subfield code="5">NNU</subfield>
	</datafield>
	<datafield ind1="1" ind2="0" tag="600">
		<subfield code="6">880-04</subfield>
		<subfield code="a">Ṭabarsī, al-Faḍl ibn al-Ḥasan,</subfield>
		<subfield code="d">-1153.</subfield>
		<subfield code="t">Majmaʻ al-bayān fī tafsīr al-Qurʼān.</subfield>
	</datafield>
	<datafield ind1="0" ind2="7" tag="630">
		<subfield code="a">Majmaʻ al-bayān fī tafsīr al-Qurʼān (Ṭabarsī, al-Faḍl ibn al-Ḥasan)</subfield>
		<subfield code="2">fast</subfield>
		<subfield code="0">(OCoLC)fst01372347</subfield>
	</datafield>
	<datafield ind1="1" ind2="2" tag="700">
		<subfield code="6">880-05</subfield>
		<subfield code="a">Ṭabarsī, al-Faḍl ibn al-Ḥasan,</subfield>
		<subfield code="d">-1153.</subfield>
		<subfield code="t">Majmaʻ al-bayān fī tafsīr al-Qurʼān.</subfield>
	</datafield>
	<datafield ind1="2" ind2=" " tag="710">
		<subfield code="a">Princeton University.</subfield>
		<subfield code="b">Library.</subfield>
	</datafield>
	<datafield ind1="0" ind2=" " tag="730">
		<subfield code="a">Arabic Collections Online.</subfield>
	</datafield>
	<datafield ind1="0" ind2="8" tag="776">
		<subfield code="i">Print version:</subfield>
		<subfield code="a">Vaḥīd al-Zamān Qazvīnī, Muḥammad Ṭāhir, -approximately 1708 or 1709.</subfield>
		<subfield code="t">Sharḥ shawāhid Majmaʻ al-bayān</subfield>
		<subfield code="w">(NjP)2751710</subfield>
		<subfield code="w">(DLC)   72225620 </subfield>
		<subfield code="w">(OCoLC)16139677</subfield>
	</datafield>
	<datafield ind1="4" ind2="0" tag="856">
		<subfield code="u">http://hdl.handle.net/2333.1/w3r22dwr</subfield>
	</datafield>
	<datafield ind1="1" ind2=" " tag="880">
		<subfield code="6">100-01/r</subfield>
		<subfield code="a">وحيد الزمان قزوينى، محمد طاهر،</subfield>
		<subfield code="d">-approximately 1708 or 1709.</subfield>
	</datafield>
	<datafield ind1="1" ind2="0" tag="880">
		<subfield code="6">245-02/r</subfield>
		<subfield code="a">شرح شواهد مجمع البيان /</subfield>
		<subfield code="c">لمحمد حسين بن طاهر القزويني ؛ صححه وعلق عليه كاظم الموسوي المياموي.</subfield>
	</datafield>
	<datafield ind1=" " ind2=" " tag="880">
		<subfield code="6">260-03/r</subfield>
		<subfield code="a">طهران :</subfield>
		<subfield code="b">دار الكتب الإسلامية،</subfield>
		<subfield code="c">1338- [1959 أو 1960-</subfield>
	</datafield>
	<datafield ind1="1" ind2="4" tag="880">
		<subfield code="6">600-04/r</subfield>
		<subfield code="a">طبرسي، الفضل بن الحسن،</subfield>
		<subfield code="d">-1153.</subfield>
		<subfield code="t">مجمع البيان في تفسير القرآن.</subfield>
	</datafield>
	<datafield ind1="1" ind2="2" tag="880">
		<subfield code="6">700-05/r</subfield>
		<subfield code="a">طبرسي، الفضل بن الحسن،,</subfield>
		<subfield code="d">-1153.</subfield>
		<subfield code="t">مجمع البيان في تفسير القرآن.</subfield>
	</datafield>
	<datafield ind1=" " ind2=" " tag="959">
		<subfield code="a">NNU</subfield>
		<subfield code="b">WEB</subfield>
		<subfield code="c">GENI</subfield>
		<subfield code="t">0</subfield>
		<subfield code="m">Electronic access</subfield>
		<subfield code="s">01</subfield>
	</datafield>
	<datafield ind1=" " ind2=" " tag="999">
		<subfield code="i">NjP_2751710</subfield>
		<subfield code="o">(OCoLC)ocm16139677</subfield>
		<subfield code="s">princeton_aco000913:vol.1</subfield>
		<subfield code="e">(ERROR-880)</subfield>
		<subfield code="s">princeton_aco000913:vol.1</subfield>
	</datafield>
</record>
